@misc{paypal_lider,
    author = "Datanyze",
    title = "PayPal market share",
    url = "https://www.datanyze.com/market-share/payment-processing--26/paypal-market-share",
    urlaccessdate = "13/05/2020"
}
